@Book{classifbreiman,
  Title                    = {Classification and Regression Trees},
  Author                   = {Leo Breiman, Jerome Friedman, Charles J. Stone, R.A. Olshen},
  Publisher                = {Chapman and Hall/CRC},
  Year                     = {1984}
}

@misc{ucidatasets,
  author = "Dua, Dheeru and Graff, Casey",
  year = "2017",
  title = "{UCI} Machine Learning Repository",
  url = "http://archive.ics.uci.edu/ml",
  institution = "University of California, Irvine, School of Information and Computer Sciences"
}

@article{eventlabling,
author = {Fanaee-T, Hadi and Gama, Jo√£o},
year = {2014},
month = {06},
pages = {113-127},
title = {Event labeling combining ensemble detectors and background knowledge},
volume = {2},
journal = {Progress in Artificial Intelligence},
doi = {10.1007/s13748-013-0040-3}
}